@article{cinar20,
  title={A discrete tree-seed algorithm for solving symmetric traveling salesman problem},
  author={Cinar, Ahmet Cevahir and Korkmaz, Sedat and Kiran, Mustafa Servet},
  journal={Engineering Science and Technology, an International Journal},
  volume={23},
  number={4},
  pages={879--890},
  year={2020},
  publisher={Elsevier}
}

@article{tsplib95,
  title={Tsplib95},
  author={Reinelt, Gerhard},
  journal={Interdisziplin{\"a}res Zentrum f{\"u}r Wissenschaftliches Rechnen (IWR), Heidelberg},
  volume={338},
  pages={1--16},
  year={1995}
}

@article{zhou16,
  title={Discrete state transition algorithm for unconstrained integer optimization problems},
  author={Zhou, Xiaojun and Gao, David Yang and Yang, Chunhua and Gui, Weihua},
  journal={Neurocomputing},
  volume={173},
  pages={864--874},
  year={2016},
  publisher={Elsevier}
}

@article{2opt,
  author = {Croes, G. A.},
  title = {A Method for Solving Traveling-Salesman Problems},
  journal = {Operations Research},
  volume = {6},
  number = {6},
  pages = {791-812},
  year = {1958},
  doi = {10.1287/opre.6.6.791},
}

@article{geneticalgorithm,
  author = {Mitchell, M.},
  title = {An Introduction to Genetic Algorithms},
  year = {1996},
  journal = {MIT Press},
  ISBN = {9780262133166},
}

@article{Menger30,
  author = {Menger, K.},
  title = {Ergebnisse eines Mathematischen Kolloquiums},
  year = {1932},
  journal = {Springer},
  ISBN = {9783709164709},
}

@article{ATSP1,
title = "Transforming asymmetric into symmetric traveling salesman problems",
journal = "Operations Research Letters",
volume = "2",
number = "4",
pages = "161 - 163",
year = "1983",
issn = "0167-6377",
doi = "https://doi.org/10.1016/0167-6377(83)90048-2",
url = "http://www.sciencedirect.com/science/article/pii/0167637783900482",
author = "Roy Jonker and Ton Volgenant",
keywords = "Traveling salesman problem",
}

@article{ATSP2,
title = "Transforming asymmetric into symmetric traveling salesman problems: erratum",
journal = "Operations Research Letters",
volume = "5",
number = "4",
pages = "215 - 216",
year = "1986",
issn = "0167-6377",
doi = "https://doi.org/10.1016/0167-6377(86)90081-7",
url = "http://www.sciencedirect.com/science/article/pii/0167637786900817",
author = "Roy Jonker and Ton Volgenant",
}

@article{Narwadi17,
author = {Narwadi,Teguh  and Subiyanto},
title = {An application of traveling salesman problem using the improved genetic algorithm on android google maps},
journal = {AIP Conference Proceedings},
volume = {1818},
year = {2017},
doi = {10.1063/1.4976899},
}

@article{Kumar10,
title = "Genetic algortihm: review and application",
journal = "International Journal of Information Technology and Knowledge Management",
volume = "2",
number = "2",
pages = "451-454",
year = "2010",
doi = "http://dx.doi.org/10.2139/ssrn.3529843",
author = "Manoj Kumar, Mohammad Husian and Naveen Upreti, Deepti Gupta",
keywords = "Traveling salesman problem",
}

@article{Kiran15,
title = "TSA: Tree-seed algorithm for continuous optimization",
journal = "Expert Systems with Applications",
volume = "42",
number = "19",
pages = "6686 - 6698",
year = "2015",
issn = "0957-4174",
doi = "https://doi.org/10.1016/j.eswa.2015.04.055",
author = "Mustafa Servet Kiran",
}

@article{Langley93,
title = "Average-Case Analysis of a Nearest Neighbor Algorithm",
journal = "Proceedings of the Thirteenth International Joint Conference on Artificial Intelligence",
year = "1993",
author = "Pat Langley, Wayne Iba",
}

@article{Spear52,
title = "Charting Statistics",
journal = "McGraw Hill",
pages = "166",
year = "1952",
author = "Mary Eleanor Spear",
}

@article{Dawson95,
title = "The Advantage of Asexual Reproduction: When is it Two-fold?",
journal = "Journal of Theoretical Biology",
volume = "176",
number = "3",
pages = "341 - 347",
year = "1995",
issn = "0022-5193",
doi = "https://doi.org/10.1006/jtbi.1995.0203",
url = "http://www.sciencedirect.com/science/article/pii/S0022519385702032",
author = "Kevin J. Dawson",
}

@article{Engelstaedter08,
title = "Constraints on the evolution of asexual reproduction",
journal = "BioEssays",
volume = "30",
number = "11-12",
pages = "1138-1150",
year = "2008",
doi = "https://doi.org/10.1002/bies.20833",
author = "Jan Engelst√§dter",
}